<?xml version="1.0" encoding="UTF-8"?><collection xmlns="http://www.loc.gov/MARC21/slim"><record><leader>00575nam--2200169-i-4500</leader><controlfield tag="001">000015346</controlfield><controlfield tag="002">20161230</controlfield><controlfield tag="005">20161230201031</controlfield><controlfield tag="008">060222s1000------------r-----000-0-eng-d</controlfield><datafield ind1=" " ind2=" " tag="100"><subfield code="a">Carmona, J. ; Vergne, M</subfield></datafield><datafield ind1=" " ind2=" " tag="245"><subfield code="a">Non commutative harmonic anallysis and lie groups. actes du colloque d analyse harmonique non commutative, 16 au 20 juin, 1980, marseille luminy</subfield></datafield><datafield ind1=" " ind2=" " tag="260"><subfield code="a">Berlin, Springer-verlag, 1981</subfield></datafield><datafield ind1=" " ind2=" " tag="300"><subfield code="a">553 p</subfield></datafield><datafield ind1=" " ind2=" " tag="490"><subfield code="a">Lecture Notes In Mathematics</subfield><subfield code="v">vol. 880</subfield></datafield><datafield ind1=" " ind2=" " tag="700"><subfield code="a">Carmona, J./S.A.</subfield></datafield><datafield ind1=" " ind2=" " tag="852"><subfield code="a">512.831</subfield><subfield code="c">71779</subfield></datafield><datafield ind1=" " ind2=" " tag="CAT"><subfield code="a">Sys</subfield><subfield code="c">20080522</subfield><subfield code="h">143802</subfield></datafield></record></collection>